@article{he2017learning,
  title={Learning Symmetric Collaborative Dialogue Agents with Dynamic Knowledge Graph Embeddings},
  author={He, H. and Balakrishnan, A. and Mihail, E. and Liang, P.},
  journal = {ACL},
  year={2017}
}

@article{Levitan2013,
author = {Levitan, R.},
title = {{Entrainment in Spoken Dialogue Systems: Adopting, Predicting and Influencing User Behavior}},
journal = {NAACL HLT SRW},
year = {2013}
}

@article{Solorio2008,
author = {Solorio, T. and Liu, Y.},
year = {2008},
title = {{Learning to predict code-switching points}},
journal = {EMNLP}
}

@article{Li2014,
author = {Li, Y. and Fung, P.},
journal = {EMNLP},
title = {{Language Modeling with Functional Head Constraint for Code Switching Speech Recognition}},
year = {2014}
}

@article{Ramanarayanan2017,
author = {Ramanarayanan, V. and Suendermann-oeft, D.},
title = {{Jee haan , I ' d like both , por favor : Elicitation of a Code-Switched Corpus of Hindi – English and Spanish – English Human – Machine Dialog}},
year = {2017},
journal = {Interspeech}
}
