@article{muysken2000bilingual,
  title={Bilingual speech: a typology of code-mixing},
  author={Muysken, Pieter},
  year={2000},
  publisher={Cambridge [etc.]: Cambridge University Press}
}

@inproceedings{He2017,
  title={Learning Symmetric Collaborative Dialogue Agents with Dynamic Knowledge Graph Embeddings},
  author={He, He and Balakrishnan, Anusha and Eric, Mihail and Liang, Percy},
  booktitle={Proceedings of the 55th Annual Meeting of the Association for Computational Linguistics (Volume 1: Long Papers)},
  volume={1},
  pages={1766--1776},
  year={2017}
}

@article{myers1993common,
  title={Common and uncommon ground: Social and structural factors in codeswitching},
  author={Myers-Scotton, Carol},
  journal={Language in society},
  volume={22},
  number={4},
  pages={475--503},
  year={1993},
  publisher={Cambridge University Press}
}

@article{sankoff1981formal,
  title={A formal grammar for code-switching},
  author={Sankoff, David and Poplack, Shana},
  journal={Research on Language \& Social Interaction},
  volume={14},
  number={1},
  pages={3--45},
  year={1981},
  publisher={Taylor \& Francis}
}

@article{Deuchar2007,
author = {Deuchar, Margaret and Muysken, Pieter and Wang, Sung Lan},
isbn = {1367-0050},
issn = {13670050},
journal = {International Journal of Bilingual Education and Bilingualism},
keywords = {Bilingual speech,Chinese,Codeswitching,Mandarin,Taiwanese,Tsou,Welsh},
number = {3},
pages = {298--340},
title = {{Structured variation in codeswitching: Towards an empirically based typology of bilingual speech patterns}},
volume = {10},
year = {2007}
}

@article{deuchar2014building,
  title={Building bilingual corpora},
  author={Deuchar, Margaret and Davies, Peredur and Herring, Jon and Couto, M Carmen Parafita and Carter, Diana},
  journal={Advances in the Study of Bilingualism},
  pages={93--111},
  year={2014},
  publisher={Multilingual Matters: Bristol, UK}
}

@book{schiffrin1988discourse,
  title={Discourse markers},
  author={Schiffrin, Deborah},
  number={5},
  year={1988},
  publisher={Cambridge University Press}
}

@incollection{Torres2011,
author = {Torres, Lourdes},
booktitle = {The Handbook of Hispanic Sociolinguistics},
title = {{Spanish in the United States: Bilingual Discourse Markers}},
year = {2011}
}

@article{Belazi1994,
author = {Belazi, Hedi M and Rubin, Edward J and Toribio, Almeida Jacqueline},
journal = {Linguistic Inquiry},
number = {2},
pages = {221--237},
publisher = {The MIT Press},
title = {{Code Switching and X-Bar Theory: The Functional Head Constraint Code Switching and X-Bar}},
volume = {25},
year = {1994}
}

@article{Joshi1982,
author = {Joshi, Aravind K},
doi = {10.3115/991813.991836},
isbn = {0521023106},
journal = {Proceedings of the 9th conference on Computational Linguistics},
mendeley-groups = {CM/CS},
pages = {145--150},
title = {{Processing of sentences with intra-sentential code-switching}},
volume = {1},
year = {1982}
}

@article{Montes-Alcala2007,
author = {Montes-Alcal{\'{a}}, Cecilia},
journal = {Selected Proceedings of the Third Workshop on Spanish Sociolinguistics},
pages = {162--170},
title = {{Blogging in Two Languages : Code-Switching in Bilingual Blogs}},
year = {2007}
}

@inproceedings{guzman2017metrics,
  title={Metrics for modeling code-switching across corpora},
  author={Guzm{\'a}n, Gualberto and Ricard, Joseph and Serigos, Jacqueline and Bullock, Barbara E and Toribio, Almeida Jacqueline},
  year={2017},
  booktitle = {Proc. Interspeech 2017},
}

@article{Ardila2005,
author = {Ardila, Alfredo},
doi = {10.1177/0739986304272358},
issn = {0739-9863},
journal = {Hispanic Journal of Behavioral Sciences},
number = {1},
pages = {60--81},
title = {{Spanglish: An Anglicized Spanish Dialect}},
volume = {27},
year = {2005}
}

@inproceedings{ramanarayanan2017jee,
  title={Jee haan, I'd like both, por favor: Elicitation of a Code-Switched Corpus of Hindi--English and Spanish--English Human--Machine Dialog},
  author={Ramanarayanan, Vikram and Suendermann-Oeft, David},
  booktitle={Proc. Interspeech 2017},
  pages={47--51},
  year={2017}
}

@article{lyu2010analysis,
  title={An analysis of a Mandarin-English code-switching speech corpus: SEAME},
  author={Lyu, Dau-Cheng and Tan, Tien-Ping and Chng, Eng-Siong and Li, Haizhou},
  journal={Age},
  volume={21},
  year = {2010},
  pages={25--8}
}

@inproceedings{lyu2010,
  author    = {Dau{-}Cheng Lyu and
               Tien Ping Tan and
               Engsiong Chng and
               Haizhou Li},
  title     = {{SEAME:} a Mandarin-English code-switching speech corpus in south-east
               asia},
  booktitle = {{INTERSPEECH} 2010},
  pages     = {1986--1989},
  year      = {2010}
}

@inproceedings{LI2014,
author = {Li, Ying and Fung, Pascale},
isbn = {9781937284961},
booktitle= {Proceedings of the 2014 Conference on Empirical Methods in Natural Language Processing (EMNLP)},
pages = {907--916},
title = {{Language Modeling with Functional Head Constraint for Code Switching Speech Recognition}},
year = {2014}
}

@article{reitter2014alignment,
  title={Alignment and task success in spoken dialogue},
  author={Reitter, David and Moore, Johanna D},
  journal={Journal of Memory and Language},
  volume={76},
  pages={29--46},
  year={2014},
  publisher={Elsevier}
}

@inproceedings{Nenkova2008,
author = {Nenkova, Ani and Gravano, Agustin and Hirschberg, Julia and Gravano, Agust{\'{i}}n},
booktitle = {46th Annual Meeting of The Association for Computational Linguistics},
pages = {169--172},
title = {{High Frequency Word Entertainment in Spoken Dialogue}},
year = {2008}
}

@article{Solorio2008,
author = {Solorio, Thamar and Liu, Yang},
doi = {10.3115/1613715.1613841},
journal = {Proceedings of the 2008 Conference on Empirical Methods in Natural Language Processing},
number = {October},
pages = {973--981},
title = {{Learning to predict code-switching points}},
year = {2008}
}

@article{Molina2016,
author = {Molina, Giovanni and Rey-Villamizar, Nicolas and Solorio, Thamar and Al-Ghamdi, Fahad and Gohneim, Mahmoud and Diab, Mona and Hawwari, Abdelati},
journal = {Proceedings of the Second Workshop on Computational Approaches to Code Switching},
pages = {40--49},
title = {{Overview for the Second Shared Task on Language Identification in Code-Switched Data}},
year = {2016}
}

@article{banerjee2018dataset,
  title={A Dataset for Building Code-Mixed Goal Oriented Conversation Systems},
  author={Banerjee, Suman and Moghe, Nikita and Arora, Siddhartha and Khapra, Mitesh M},
  journal={arXiv preprint arXiv:1806.05997},
  year={2018}
}

@inproceedings{soto2018joint,
  title={Joint Part-of-Speech and Language ID Tagging for Code-Switched Data},
  author={Soto, Victor and Hirschberg, Julia},
  booktitle={Proceedings of the Third Workshop on Computational Approaches to Linguistic Code-Switching},
  pages={1--10},
  year={2018}
}

@article{soto2018role,
  title={The Role of Cognate Words, POS Tags, and Entrainment in Code-Switching},
  author={Soto, Victor and Cestero, Nishmar and Hirschberg, Julia},
  journal={Proc. Interspeech 2018},
  pages={1938--1942},
  year={2018}
}

@inproceedings{aguilar2018named,
  title={Named Entity Recognition on Code-Switched Data: Overview of the CALCS 2018 Shared Task},
  author={Aguilar, Gustavo and AlGhamdi, Fahad and Soto, Victor and Diab, Mona and Hirschberg, Julia and Solorio, Thamar},
  booktitle={Proceedings of the Third Workshop on Computational Approaches to Linguistic Code-Switching},
  pages={138--147},
  year={2018}
}

@inproceedings{pratapa2018language,
  title={Language modeling for code-mixing: The role of linguistic theory based synthetic data},
  author={Pratapa, Adithya and Bhat, Gayatri and Choudhury, Monojit and Sitaram, Sunayana and Dandapat, Sandipan and Bali, Kalika},
  booktitle={Proceedings of the 56th Annual Meeting of the Association for Computational Linguistics (Volume 1: Long Papers)},
  volume={1},
  pages={1543--1553},
  year={2018}
}

@article{Fricke2016,
archivePrefix = {arXiv},
arxivId = {arXiv:1011.1669v3},
author = {Fricke, Melinda and Kroll, Judith F and Dussias, Paola E},
doi = {10.1016/j.jml.2015.10.001},
eprint = {arXiv:1011.1669v3},
isbn = {9788578110796},
issn = {0749596X},
journal = {Journal of Memory and Language},
pages = {110--137},
pmid = {25246403},
title = {{Phonetic variation in bilingual speech: A lens for studying the production-comprehension link}},
volume = {89},
year = {2016}
}

@article{Yoder2017,
author = {Yoder, Michael Miller and Rijhwani, Shruti and Ros{\'{e}}, Carolyn Penstein and Levin, Lori},
journal = {Proceedings of the Second Workshop on Natural Language Processing and Computational Social Science},
pages = {73--82},
title = {{Code-Switching as a Social Act: The Case of Arabic Wikipedia Talk Pages}},
year = {2017}
}

@inproceedings{rudra2016understanding,
  title={Understanding language preference for expression of opinion and sentiment: What do hindi-english speakers do on twitter?},
  author={Rudra, Koustav and Rijhwani, Shruti and Begum, Rafiya and Bali, Kalika and Choudhury, Monojit and Ganguly, Niloy},
  booktitle={Proceedings of the 2016 Conference on Empirical Methods in Natural Language Processing},
  pages={1131--1141},
  year={2016}
}

@inproceedings{Rijhwani2017,
author = {Rijhwani, Shruti and Sequiera, Royal and Choudhury, Monojit and Bali, Kalika and Maddila, Chandra Sekhar},
booktitle = {Proceedings of the 55th Annual Meeting of the Association for Computational Linguistics},
doi = {10.18653/v1/P17-1180},
isbn = {9781945626753},
pages = {1971--1982},
title = {{Estimating Code-Switching on Twitter with a Novel Generalized Word-Level Language Detection Technique}},
url = {http://www.aclweb.org/anthology/P17-1180 https://doi.org/10.18653/v1/P17-1180},
year = {2017}
}

@inproceedings{sivasankaran2018phone,
  title={Phone Merging for Code-switched Speech Recognition},
  author={Sivasankaran, Sunit and Srivastava, Brij Mohan Lal and Sitaram, Sunayana and Bali, Kalika and Choudhury, Monojit},
  booktitle={Proceedings of the Third Workshop on Computational Approaches to Linguistic Code-Switching},
  pages={11--19},
  year={2018}
}

@inproceedings{Amazouz2017,
author = {Amazouz, Djegdjiga and Adda-decker, Martine and Lamel, Lori and Paris-iii, Lpp-cnrs Universit{\'{e}} Sorbonne Nouvelle},
booktitle = {INTERSPEECH2017},
doi = {10.21437/Interspeech.2017-1373},
pages = {62--66},
title = {{Addressing Code-Switching in French / Algerian Arabic Speech}},
url = {https://pdfs.semanticscholar.org/0abc/569492ee88aa14c27a0f9431eb1836f53fb3.pdf},
year = {2017}
}

@inproceedings{yilmaz2018building,
  title={Building a Unified Code-Switching ASR System for South African Languages},
  author={Yilmaz, E and Biswas, A and Van der Westhuizen, E and De Wet, F and Niesler, T},
  booktitle={Proc. Interspeech 2018},
  year={2018}
}

@inproceedings{Rallabandi2017,
author = {Rallabandi, Saikrishna and Black, Alan W},
booktitle = {Interspeech 2017},
doi = {10.21437/Interspeech.2017-1244},
pages = {52--56},
title = {{On Building Mixed Lingual Speech Synthesis Systems}},
url = {http://www.isca-speech.org/archive/Interspeech{\_}2017/pdfs/1244.PDF http://www.isca-speech.org/archive/Interspeech{\_}2017/abstracts/1244.html},
year = {2017}
}

@article{giles1973towards,
  title={Towards a theory of interpersonal accommodation through language: Some Canadian data},
  author={Giles, Howard and Taylor, Donald M and Bourhis, Richard},
  journal={Language in society},
  volume={2},
  number={2},
  pages={177--192},
  year={1973},
  publisher={Cambridge University Press}
}

@article{kootstra2012priming,
  title={Priming of code-switches in sentences: The role of lexical repetition, cognates, and language proficiency},
  author={Kootstra, Gerrit Jan and Van Hell, Janet G and Dijkstra, Ton},
  journal={Bilingualism: Language and Cognition},
  volume={15},
  number={4},
  pages={797--819},
  year={2012},
  publisher={Cambridge University Press}
}

@article{fricke2016primed,
  title={Primed codeswitching in spontaneous bilingual dialogue},
  author={Fricke, Melinda and Kootstra, Gerrit Jan},
  journal={Journal of Memory and Language},
  volume={91},
  pages={181--201},
  year={2016},
  publisher={Elsevier}
}

@inproceedings{chandu2018language,
  title={Language informed modeling of code-switched text},
  author={Chandu, Khyathi and Manzini, Thomas and Singh, Sumeet and Black, Alan W},
  booktitle={Proceedings of the Third Workshop on Computational Approaches to Linguistic Code-Switching},
  pages={92--97},
  year={2018}
}

@inproceedings{chandu2018code,
  title={Code-Mixed Question Answering Challenge: Crowd-sourcing Data and Techniques},
  author={Chandu, Khyathi and Loginova, Ekaterina and Gupta, Vishal and van Genabith, Josef and Neuman, G{\"u}nter and Chinnakotla, Manoj and Nyberg, Eric and Black, Alan W},
  booktitle={Proceedings of the Third Workshop on Computational Approaches to Linguistic Code-Switching},
  pages={29--38},
  year={2018}
}

@inproceedings{levitan2013entrainment,
  title={Entrainment in spoken dialogue systems: Adopting, predicting and influencing user behavior},
  author={Levitan, Rivka},
  booktitle={Proceedings of the 2013 NAACL HLT Student Research Workshop},
  pages={84--90},
  year={2013}
}

@article{bullock2018should,
  title={Should Code-switching Models Be Asymmetric?},
  author={Bullock, Barbara E and Guzm{\'a}n, Gualberto and Serigos, Jacqueline and Toribio, Almeida Jacqueline},
  journal={Proc. Interspeech 2018},
  pages={2534--2538},
  year={2018}
}

@misc{census2017,
  author        = "{US Census Bureau}",
  title         = "B03003 - HISPANIC OR LATINO ORIGIN",
  howpublished         = "American Community Survey 1-Year Estimates",
  url = {https://factfinder.census.gov/faces/nav/jsf/pages/index.xhtml},
  year          = "2017",
}

@inproceedings{danescu2011mark,
  title={Mark my words!: linguistic style accommodation in social media},
  author={Danescu-Niculescu-Mizil, Cristian and Gamon, Michael and Dumais, Susan},
  booktitle={Proceedings of the 20th international conference on World wide web},
  pages={745--754},
  year={2011},
  organization={ACM}
}

@article{moore2002code,
  title={Code-switching and learning in the classroom},
  author={Moore, Dani{\`e}le},
  journal={International journal of bilingual education and bilingualism},
  volume={5},
  number={5},
  pages={279--293},
  year={2002},
  publisher={Taylor \& Francis}
}

@article{begum2016functions,
  title={Functions of Code-Switching in Tweets: An Annotation Scheme and Some Initial Experiments},
  author={Begum, Rafiya and Bali, Kalika and Choudhury, Monojit and Rudra, Koustav and Ganguly, Niloy},
  journal={LREC. i},
  pages={1644--1650},
  year={2016}
}
